-
:20:ESTADO DE CUENTA
:25:CR40010200009014030061
:28C:20029
:60F:C241101USD9930,68
:61:2411011101C639,40NTRF114185214
:86:AFI70082004 LIQ43114185214    
:61:2411011101C11,29NTRF406409174
:86:TEF DE:SERVICIOS FISCALES EMPR
:61:2411011101C290,13NTRF406407579
:86:TEF DE:MARIO ALBERTO MONTERO C
:61:2411011101C22,59NTRF406401111
:86:TEF DE:MALUQUER DE CENTRO AMER
:61:2411011101C22,59NTRF406409925
:86:TEF DE:SNTG SOLUCIONES SOCIEDA
:61:2411011101C298,20NTRF406400296
:86:TEF DE:UFINET COSTA RICA SA   
:61:2411011101C33,90NTRF406404905
:86:TEF DE:C-MOVIL COSTA RICA SOCI
:61:2411011101C298,20NTRF960415248
:86:CD SINPE IQVIA RDS COSTA RICA 
:61:2411011101C208,47NTRF888447450
:86:AMPM-DOMINIO D/CORREO         
:62F:C241101USD11755,45
:64:C241101USD11755,45
-
:20:ESTADO DE CUENTA
:25:CR40010200009014030061
:28C:20030
:60F:C241102USD11755,45
:61:2411021102C18,07NTRF406809893
:86:TEF DE:IMPORTACIONES CHINESE S
:62F:C241102USD11773,52
:64:C241102USD11773,52
-
:20:ESTADO DE CUENTA
:25:CR40010200009014030061
:28C:20032
:60F:C241104USD11773,52
:61:2411041104C8077,42NTRF147520736
:86:AFI70082004 LIQ43147520736    
:61:2411041104C22,59NTRF406404978
:86:TEF DE:IMPORTACIONES E INVERSI
:61:2411041104C22,59NTRF406408272
:86:TEF DE:SERVICIOS LOGISTICOS AV
:61:2411041104C175,34NTRF406406200
:86:TEF DE:INOVADENT SOCIEDAD RDE 
:61:2411041104D1000,00NTRF406402992
:86:TEF A : 931626675             
:61:2411041104D1663,36NTRF406403688
:86:TEF A : 911534709             
:61:2411041104C124,18NTRF406404607
:86:TEF DE:A R A EXPORTS ENTERPRIS
:61:2411041104C338,99NTRF406408066
:86:TEF DE:FCS INTERNATIONAL CONSU
:61:2411041104C18,07NTRF406405699
:86:TEF DE:INSUMED INC S.A.       
:61:2411041104D10000,00NDDT666499793
:86:DTR:DTR_BAC_a_PROMERICA_dolare
:61:2411041104D6000,00NDDT666425811
:86:DTR:DTR_BAC_a_BCR_dol         
:62F:C241104USD1889,34
:64:C241104USD1889,34
-
:20:ESTADO DE CUENTA
:25:CR40010200009014030061
:28C:20033
:60F:C241105USD1889,34
:61:2411051105C1000,00NTRF301405666
:86:DTR SINPE CYBERFUEL_S.A.      
:61:2411051105C22,59NTRF406404418
:86:TEF DE:MIDWARE SOCIEDAD ANONIM
:61:2411051105C73,45NTRF406409261
:86:TEF DE:S & R RECICLAJE GLOBAL 
:61:2411051105C124,18NTRF406404919
:86:TEF DE:TAJO ZAPOTAL SOCIEDAD D
:62F:C241105USD3109,56
:64:C241105USD3109,56
-
:20:ESTADO DE CUENTA
:25:CR40010200009014030061
:28C:20034
:60F:C241106USD3109,56
:61:2411061106C5548,26NTRF169759554
:86:AFI70082004 LIQ43169759554    
:61:2411061106D5230,80NDDT72158
:86:PAGO 5473-86**-****-5401         
:61:2411061106C27,11NTRF406404456
:86:TEF DE:ODIO Y GAMEZ S.A.      
:61:2411061106D124,18NTRF406407549
:86:TEF A : 962551842             
:61:2411061106C67,46NTRF406405965
:86:TEF DE:MALUQUER DE CENTRO AMER
:61:2411061106C29,38NTRF406404019
:86:TEF DE:COMPAÑIA DE INVERSIONES
:61:2411061106C124,18NTRF406403870
:86:TEF DE:BONDITO SOCIEDAD ANONIM
:62F:C241106USD3550,97
:64:C241106USD3550,97
-
:20:ESTADO DE CUENTA
:25:CR40010200009014030061
:28C:20035
:60F:C241107USD3550,97
:61:2411071107C73,44NTRF406806835
:86:TEF DE:FABRICA DE TAMALES MELB
:61:2411071107D501,60NTRF406406788
:86:TEF A : 954352290             
:61:2411071107C1143,11NTRF666403624
:86:SINPE-PIN DE: CORPORACION_GRUP
:61:2411071107C22,59NTRF960466351
:86:CD SINPE C M B MOREPARK SOCIE 
:61:2411071107C22,59NTRF960466349
:86:CD SINPE CIRIACO MORENO Y COM 
:61:2411071107C2292,76NTRF960466367
:86:CD SINPE 3-101-011167 SOCIEDA 
:61:2411071107C124,18NTRF928400001
:86:Compucom-371957               
:62F:C241107USD6728,04
:64:C241107USD6728,04
-
:20:ESTADO DE CUENTA
:25:CR40010200009014030061
:28C:20036
:60F:C241108USD6728,04
:61:2411081108C8536,87NTRF182072398
:86:AFI70082004 LIQ43182072398    
:61:2411081108D8000,00NDDT97250
:86:PAGO 5473-86**-****-5401         
:61:2411081108C231,64NTRF406407166
:86:TEF DE:ASOCIACION DE ASEGURADO
:61:2411081108C22,59NTRF406408103
:86:TEF DE:IMPORTACIONES DIRECTAS 
:61:2411081108C213,14NTRF406407647
:86:TEF DE:COMPAÑIA DE PROTECCION 
:61:2411081108C124,18NTRF406409258
:86:TEF DE:DANIELA MARIA CHAVES GO
:61:2411081108C36,00NTRF406405479
:86:TEF DE:CR CONTAS SOCIEDAD DE R
:61:2411081108C169,50NTRF406403358
:86:TEF DE:INFORMATION TECHNOLOGY 
:61:2411081108C226,00NTRF666402529
:86:SINPE-PIN DE: BANCO_IMPROSA_SO
:61:2411081108C1315,20NTRF9544855
:86:UFINET PAGO FAC 369485-371073 
:61:2411081108C187,29NTRF9546449
:86:SINPE SOFTWARE & CONSULTING   
:61:2411081108C13,55NTRF9546895
:86:372679INGENUITI               
:61:2411081108C16,00NTRF2649787
:86:/Pago FACO fact: 371285_______
:62F:C241108USD9820,00
:64:C241108USD9820,00
-
:20:ESTADO DE CUENTA
:25:CR40010200009014030061
:28C:20037
:60F:C241109USD9820,00
:61:2411091109C33,90NTRF406404105
:86:TEF DE:SOLUCIONES DIGITALES Y 
:61:2411091109C158,20NTRF888447500
:86:AMPM-DOMINIO D/CORREO         
:62F:C241109USD10012,10
:64:C241109USD10012,10
-
:20:ESTADO DE CUENTA
:25:CR40010200009014030061
:28C:20038
:60F:C241110USD10012,10
:61:2411101110D467,21NMSC37689519
:86:PAGO CUOTA 060 DE    450036410
:61:2411101110D1328,00NMSC37689525
:86:PAGO CUOTA 058 DE    450036704
:61:2411101110D716,76NMSC37689528
:86:PAGO CUOTA 058 DE    450036785
:61:2411101110D776,04NMSC37689529
:86:PAGO CUOTA 058 DE    450036786
:61:2411101110D776,04NMSC37689530
:86:PAGO CUOTA 058 DE    450036787
:61:2411101110D485,23NMSC37689551
:86:PAGO CUOTA 048 DE    450038727
:61:2411101110D843,30NMSC37689552
:86:PAGO CUOTA 048 DE    450038728
:61:2411101110D1060,69NMSC37689646
:86:PAGO CUOTA 028 DE    450046430
:61:2411101110D687,36NMSC37689650
:86:PAGO CUOTA 028 DE    450047089
:62F:C241110USD2871,47
:64:C241110USD2871,47
-
:20:ESTADO DE CUENTA
:25:CR40010200009014030061
:28C:20039
:60F:C241111USD2871,47
:61:2411111111C9,04NTRF406400576
:86:TEF DE:LUXURY AUTOSPA DEL ESTE
:61:2411111111C23,10NTRF406402664
:86:TEF DE:ZAIRA LORENA GUEVARA MU
:61:2411111111D472,14NTRF406404740
:86:TEF A : 904774676             
:61:2411111111C18,08NTRF406403061
:86:TEF DE:ACABADOS AUTOMOTRICES M
:61:2411111111C73,44NTRF406403768
:86:TEF DE:URY ROSENKRANTZ GABERT 
:61:2411111111C44,07NTRF666408393
:86:SINPE-PIN DE: IMPROSA_SERVICIO
:62F:C241111USD2567,06
:64:C241111USD2567,06
-
:20:ESTADO DE CUENTA
:25:CR40010200009014030061
:28C:20040
:60F:C241112USD2567,06
:61:2411121112C6519,47NTRF226618962
:86:AFI70082004 LIQ43226618962    
:61:2411121112C6,78NTRF406408323
:86:TEF DE:3101663107 SOCIEDAD ANO
:61:2411121112C441,22NTRF406400814
:86:TEF DE:COMPRAS DIRECTAS S.A.  
:61:2411121112C40,68NTRF406402305
:86:TEF DE:ALFA TEC AUTOMOTRIZ S.A
:61:2411121112D2000,00NTRF406403034
:86:TEF A : 911357010             
:61:2411121112D964,81NTRF406407595
:86:TEF A : 926523432             
:61:2411121112C91,51NTRF406408605
:86:TEF DE:CASTILLO & ASOCIADOS A 
:61:2411121112C581,50NTRF960410008
:86:CD SINPE Inst. Nal. Seguros.  
:61:2411121112C85,88NTRF100327204
:86:Pago Prov Soc Rent a Car      
:62F:C241112USD7369,29
:64:C241112USD7369,29
-
:20:ESTADO DE CUENTA
:25:CR40010200009014030061
:28C:20041
:60F:C241113USD7369,29
:61:2411131113C68,00NTRF406400292
:86:TEF DE:COMERCIALIZADORA V & B 
:61:2411131113C85,88NTRF406405501
:86:TEF DE:TIENDA VIRTUAL SOCIEDAD
:61:2411131113C2526,44NTRF406405861
:86:TEF DE:GRUPO CRAUTOS SOCIEDAD 
:61:2411131113C37,29NTRF406405057
:86:TEF DE:SETRADIS SOCIEDAD DE RE
:61:2411131113C84,75NTRF406402954
:86:TEF DE:HQF SOCIEDAD DE RESPONS
:61:2411131113C19,99NTRF406408917
:86:TEF DE:PROYECTO CENTRO COMERCI
:61:2411131113C19,99NTRF406408915
:86:TEF DE:CONDOMINIO VERTICAL COM
:61:2411131113C226,00NTRF666404382
:86:SINPE-PIN DE: IMPROSA_SOCIEDAD
:61:2411131113C4,52NTRF960420866
:86:CD SINPE SMYTH INTERNACIONAL  
:61:2411131113C85,88NTRF9558652
:86:PAGO ETC PEAJES 19869         
:61:2411131113C900,00NTRF9558100
:86:GENPACT PAGO FACT             
:62F:C241113USD11428,03
:64:C241113USD11428,03
-
:20:ESTADO DE CUENTA
:25:CR40010200009014030061
:28C:20042
:60F:C241114USD11428,03
:61:2411141114C124,18NTRF406407327
:86:TEF DE:BETCOLLO S.A.          
:61:2411141114C33,90NTRF406406240
:86:TEF DE:END TO END NEARSHORE SO
:61:2411141114D79,00NTRF406403052
:86:TEF A : 902998160             
:61:2411141114C19,00NTRF406400792
:86:TEF DE:CR CONTAS SOCIEDAD DE R
:61:2411141114C18,07NTRF406400752
:86:TEF DE:URY ROSENKRANTZ GABERT 
:61:2411141114C18,07NTRF960439660
:86:CD SINPE 3-101-011167 SOCIEDA 
:61:2411141114C2,26NTRF960437675
:86:CD SINPE ASOCIACION INSTITUTO 
:61:2411141114C79,10NTRF960439702
:86:CD SINPE C M B MOREPARK SOCIE 
:62F:C241114USD11643,61
:64:C241114USD11643,61
-
:20:ESTADO DE CUENTA
:25:CR40010200009014030061
:28C:20043
:60F:C241115USD11643,61
:61:2411151115C7183,00NTRF250042338
:86:AFI70082004 LIQ43250042338    
:61:2411151115C22,58NTRF406404557
:86:TEF DE:CONSULTORA CONTABLE EMP
:61:2411151115C169,50NTRF406400952
:86:TEF DE:SMART MASTER DEALER SMD
:61:2411151115C316,40NTRF406406941
:86:TEF DE:CLEARCORP, SOCIEDAD ANO
:61:2411151115D500,00NTRF406401213
:86:TEF A : 902998160             
:61:2411151115D400,00NTRF406403010
:86:TEF A : 902998160             
:61:2411151115C43,62NTRF406409424
:86:TEF DE:KALUSAN SPORT CARS SOCI
:61:2411151115C953,47NTRF406804098
:86:TEF DE:CROWD INTELLIGENCE SRL 
:61:2411151115C565,00NTRF406408772
:86:TEF DE:GRUPO LA LAGUNA FTJ SOC
:61:2411151115D19000,00NDDT666501053
:86:DTR:DTR_BAC_a_Promerica_dolare
:61:2411151115C71,97NTRF960469494
:86:CD SINPE COOPERMEDICAL SRL    
:61:2411151115C1100,62NTRF960469298
:86:CD SINPE EFX DE COSTA RICA SA 
:61:2411151115C91,51NTRF9569423
:86:Ecolago factura 373273        
:61:2411151115C22,59NTRF1511245
:86:Provedores Dólares            
:61:2411151115C109,03NTRF888447620
:86:AMPM-DOMINIO D/CORREO         
:62F:C241115USD2392,90
:64:C241115USD2392,90
-
:20:ESTADO DE CUENTA
:25:CR40010200009014030061
:28C:20045
:60F:C241117USD2392,90
:61:2411171117C9,04NTRF406403516
:86:TEF DE:LA MANDARINA AGENCIA BO
:62F:C241117USD2401,94
:64:C241117USD2401,94
-
:20:ESTADO DE CUENTA
:25:CR40010200009014030061
:28C:20046
:60F:C241118USD2401,94
:61:2411181118C2735,18NTRF282789630
:86:AFI70082004 LIQ43282789630    
:61:2411181118C2,26NTRF406408890
:86:TEF DE:SEBANG VOYAGES, SOCIEDA
:61:2411181118C91,51NTRF406401891
:86:TEF DE:JAVIER MARTEN HERRERO  
:61:2411181118C220,35NTRF406400092
:86:TEF DE:LOGISTIC ADVISORS RS SO
:61:2411181118C169,50NTRF406406212
:86:TEF DE:3102807222 SOCIEDAD DE 
:61:2411181118C944,66NTRF406409281
:86:TEF DE:POSPAN DE COSTA RICA S.
:61:2411181118C11,29NTRF406402096
:86:TEF DE:EXPERIENCIA GFAA SOCIED
:61:2411181118D3000,00NDDT666465893
:86:DTR:DTR_BAC_a_BCR_dolares     
:62F:C241118USD3576,69
:64:C241118USD3576,69
-
:20:ESTADO DE CUENTA
:25:CR40010200009014030061
:28C:20047
:60F:C241119USD3576,69
:61:2411191119C90,00NTRF406402495
:86:TEF DE:JAVIER MARTEN HERRERO  
:61:2411191119D146,90NTRF406400731
:86:TEF A : 926136326             
:61:2411191119C20,34NTRF406402025
:86:TEF DE:FCS INTERNATIONAL CONSU
:61:2411191119C11,29NTRF406403743
:86:TEF DE:COND.HORIZONTAL VERTICA
:61:2411191119C15,82NTRF9580341
:86:AMERICAN MUSIC EXPORT COMPANY 
:62F:C241119USD3567,24
:64:C241119USD3567,24
-
:20:ESTADO DE CUENTA
:25:CR40010200009014030061
:28C:20048
:60F:C241120USD3567,24
:61:2411201120C4618,92NTRF304932873
:86:AFI70082004 LIQ43304932873    
:61:2411201120C124,18NTRF406402028
:86:TEF DE:CMT CONSULTORES JURIDIC
:61:2411201120C124,18NTRF406402456
:86:TEF DE:CMT CONSULTORES JURIDIC
:61:2411201120C13,55NTRF406408380
:86:TEF DE:LUZ COLOMBIA ARBOLEDA M
:61:2411201120C11,70NTRF406407454
:86:TEF DE:JAVIER MARTEN HERRERO  
:61:2411201120C18,08NTRF406403698
:86:TEF DE:LAKARI SOCIEDAD ANONIMA
:61:2411201120C11,29NTRF406406112
:86:TEF DE:DOMINIQUE ALPIZAR VILLA
:62F:C241120USD8489,14
:64:C241120USD8489,14
-
:20:ESTADO DE CUENTA
:25:CR40010200009014030061
:28C:20049
:60F:C241121USD8489,14
:61:2411211121C24,86NTRF406405660
:86:TEF DE:MARIO ALBERTO MONTERO C
:61:2411211121C13,56NTRF406404961
:86:TEF DE:AVILA STEM SOCIEDAD ANO
:61:2411211121C9,03NTRF406401512
:86:TEF DE:LAURENCE ZUÑIGA SALAS  
:61:2411211121C73,44NTRF406400651
:86:TEF DE:INSUMED INC S.A.       
:61:2411211121D12000,00NDDT666504508
:86:DTR:DTR_BAC_a_Promerica_dolare
:61:2411211121C4920,42NTRF666404985
:86:SINPE-PIN DE: CORPORACION_GRUP
:61:2411211121C62,15NTRF960420005
:86:CD SINPE THERMOSOLUTIONS GROU 
:61:2411211121C263,89NTRF960420788
:86:CD SINPE VERDAD INFORMATICA D 
:62F:C241121USD1856,49
:64:C241121USD1856,49
-
:20:ESTADO DE CUENTA
:25:CR40010200009014030061
:28C:20050
:60F:C241122USD1856,49
:61:2411221122C139,05NTRF406400525
:86:TEF DE:CR ADVANCED CONSULTING 
:61:2411221122D1300,00NTRF406407233
:86:TEF A : 939452017             
:61:2411221122D67,80NTRF406405813
:86:TEF A : 926523432             
:61:2411221122C22,59NTRF406402442
:86:TEF DE:SNTG SOLUCIONES SOCIEDA
:62F:C241122USD650,33
:64:C241122USD650,33
-
:20:ESTADO DE CUENTA
:25:CR40010200009014030061
:28C:20051
:60F:C241123USD650,33
:61:2411231123C64,62NTRF406404754
:86:TEF DE:HILDA MARIA ARAYA ACUÑA
:62F:C241123USD714,95
:64:C241123USD714,95
-
:20:ESTADO DE CUENTA
:25:CR40010200009014030061
:28C:20053
:60F:C241125USD714,95
:61:2411251125C9043,52NTRF301449697
:86:DTR SINPE CYBERFUEL_SOCIEDAD_A
:61:2411251125C22,58NTRF406405693
:86:TEF DE:C I  DAJLES S.A        
:61:2411251125C22,60NTRF406406945
:86:TEF DE:CONSTRUCTORA AMF  SOCIE
:61:2411251125D43,24NTRF406409016
:86:TEF A : 902998160             
:61:2411251125D3584,55NTRF406400447
:86:TEF A : 943006817             
:61:2411251125D4892,36NTRF406404552
:86:TEF A : 902998160             
:61:2411251125C124,18NTRF406404699
:86:TEF DE:TD SYNNEX COSTA RICA SA
:62F:C241125USD1407,68
:64:C241125USD1407,68
-
:20:ESTADO DE CUENTA
:25:CR40010200009014030061
:28C:20054
:60F:C241126USD1407,68
:61:2411261126C2,00NTRF406400025
:86:TEF DE:MANFRED CARVAJAL ARCE  
:61:2411261126C33,90NTRF406405785
:86:TEF DE:LA QUEBRADA LODGE LIMIT
:62F:C241126USD1443,58
:64:C241126USD1443,58
-
:20:ESTADO DE CUENTA
:25:CR40010200009014030061
:28C:20055
:60F:C241127USD1443,58
:61:2411271127C64,99NTRF406405613
:86:TEF DE:GRUPO DE INVERSIONES NE
:61:2411271127C3,00NTRF406404117
:86:TEF DE:MARIA LOURDES URREA VAR
:61:2411271127C298,32NTRF406402334
:86:TEF DE:ACABADOS AUTOMOTRICES M
:61:2411271127C646,83NTRF960492302
:86:CD SINPE COOPERATIVA DE AHORR 
:61:2411271127C19,99NTRF960481599
:86:CD SINPE ICU MEDICAL COSTA RI 
:61:2411271127C89,50NTRF960492297
:86:CD SINPE COOPERATIVA DE AHORR 
:61:2411271127C142,29NTRF960492321
:86:CD SINPE COOPERATIVA DE AHORR 
:61:2411271127C22,60NTRF9602751
:86:PAGO ETC PEAJES 19967         
:62F:C241127USD2731,10
:64:C241127USD2731,10
-
:20:ESTADO DE CUENTA
:25:CR40010200009014030061
:28C:20056
:60F:C241128USD2731,10
:61:2411281128C11796,93NTRF383255652
:86:AFI70082004 LIQ43383255652    
:61:2411281128C8,45NTRF406409891
:86:TEF DE:GRUPO DE INVERSIONES NE
:61:2411281128C52,56NTRF406409750
:86:TEF DE:ALMACENES LAS CAÑAS SOC
:61:2411281128C32080,01NTRF666404932
:86:SINPE-PIN DE: CORPORACION_GRUP
:62F:C241128USD46669,05
:64:C241128USD46669,05
-
:20:ESTADO DE CUENTA
:25:CR40010200009014030061
:28C:20057
:60F:C241129USD46669,05
:61:2411291129C380,88NTRF700404530
:86:Tef de:FACTORING NICARAGUENSE 
:61:2411291129D4000,00NDDT666496225
:86:DTR:DTR_BAC_a_Scotiabank_dolar
:61:2411291129D40000,00NDDT666403216
:86:DTR:DTR_BAC_a_Promerica_dolare
:61:2411291129C27,11NTRF666409615
:86:SINPE-PIN DE: THE_PAYROLL_COMP
:61:2411291129C124,18NTRF28
:86:Bluewave- Proveedores         
:61:2411291129C1017,00NTRF1003
:86:AFCAS-Pago proveedores        
:61:2411291129C85,52NTRF1003
:86:AFCAS-Pago proveedores        
:61:2411291129C254,77NTRF9544753
:86:CANCELA FACTURA 371282        
:62F:C241129USD4558,51
:64:C241129USD4558,51
