-
:20:ESTADO DE CUENTA
:25:CR17010200009020144482
:28C:20029
:60F:C241101CRC5535847,68
:61:2411011101C309222,76NTRF114185575
:86:AFI62357010 LIQ43114185575    
:61:2411011101C114850,41NTRF666407878
:86:SINPE-PIN DE: DISTRIBUIDORA_UN
:61:2411011101C64029,00NTRF9526810
:86:PAGO ANUALIDAD 2024-2025      
:62F:C241101CRC6023949,85
:64:C241101CRC6023949,85
-
:20:ESTADO DE CUENTA
:25:CR17010200009020144482
:28C:20030
:60F:C241102CRC6023949,85
:61:2411021102C64121,58NTRF406402017
:86:TEF DE:EDWIN ANDRES HIDALGO AL
:61:2411021102C13999,00NTRF406401551
:86:TEF DE:VIDRIOS SAN JUAN S.A.  
:61:2411021102C66656,00NTRF406403508
:86:TEF DE:VIDRIOS SAN JUAN S.A.  
:61:2411021102C11644,02NTRF406408230
:86:TEF DE:BLANCOS Y NEGROS BYN SO
:62F:C241102CRC6180370,45
:64:C241102CRC6180370,45
-
:20:ESTADO DE CUENTA
:25:CR17010200009020144482
:28C:20031
:60F:C241103CRC6180370,45
:61:2411031103C5800,00NTRF400401305
:86:CYBERFUEL S.A .               
:62F:C241103CRC6186170,45
:64:C241103CRC6186170,45
-
:20:ESTADO DE CUENTA
:25:CR17010200009020144482
:28C:20032
:60F:C241104CRC6186170,45
:61:2411041104C17504,60NTRF406406448
:86:TEF DE:CORPORACION RIO DE LA P
:61:2411041104C5829,70NTRF406406405
:86:TEF DE:GARRO SIERRA GS SOCIEDA
:61:2411041104D75987,48NTRF951497064
:86:Pago ICE Teléfono 17362100    
:61:2411041104D6350,00NTRF951426997
:86:Pago ICE Sector Electricidad 6
:62F:C241104CRC6127167,27
:64:C241104CRC6127167,27
-
:20:ESTADO DE CUENTA
:25:CR17010200009020144482
:28C:20033
:60F:C241105CRC6127167,27
:61:2411051105C5814,91NTRF406403568
:86:TEF DE:RICARDO JOSE CHACON MOR
:61:2411051105C36001,14NTRF406409306
:86:TEF DE:AKIRO SOCIEDAD ANONIMA 
:61:2411051105C15170,66NTRF666402079
:86:SINPE-PIN DE: CPM_BUILDING_AND
:62F:C241105CRC6184153,98
:64:C241105CRC6184153,98
-
:20:ESTADO DE CUENTA
:25:CR17010200009020144482
:28C:20034
:60F:C241106CRC6184153,98
:61:2411061106C5812,27NTRF406405830
:86:TEF DE:ALMA TELECOM SOCIEDAD A
:61:2411061106C9363,38NTRF406408804
:86:TEF DE:SERVICENTRO BARRIO EL M
:62F:C241106CRC6199329,63
:64:C241106CRC6199329,63
-
:20:ESTADO DE CUENTA
:25:CR17010200009020144482
:28C:20035
:60F:C241107CRC6199329,63
:61:2411071107C2324,91NTRF406406743
:86:TEF DE:EL LUGAR DE LA CARNE SO
:61:2411071107C63958,91NTRF406402453
:86:TEF DE:HUGO ENRIQUE HUERTAS CA
:61:2411071107D53099,83NTRF406408008
:86:TEF A : 943006825             
:61:2411071107C14562,31NTRF406409909
:86:TEF DE:GINES ELECTRIC SOCIEDAD
:61:2411071107C75941,46NTRF406403671
:86:TEF DE:MARIO QUIROS SALAZAR   
:61:2411071107C16296,18NTRF406407824
:86:TEF DE:S & R RECICLAJE GLOBAL 
:61:2411071107C63873,22NTRF666407050
:86:SINPE-PIN DE: GERLYN_MONGE_CAS
:62F:C241107CRC6383186,79
:64:C241107CRC6383186,79
-
:20:ESTADO DE CUENTA
:25:CR17010200009020144482
:28C:20036
:60F:C241108CRC6383186,79
:61:2411081108C6240,00NTRF406408226
:86:TEF DE:MARIA FERNANDA VALVERDE
:61:2411081108C17607,00NTRF406407747
:86:TEF DE:SOES SISTEMAS DE OBRAS 
:61:2411081108C11644,02NTRF406406834
:86:TEF DE:RED VOUCHER SYSTEMS S.A
:61:2411081108C5500,00NTRF406401790
:86:TEF DE:ANA GRACIELA ZAPATA VEG
:61:2411081108C10304,45NTRF960477183
:86:CD SINPE TECHSHOP INTERNACION 
:61:2411081108C17406,63NTRF960476306
:86:CD SINPE CPM BUILDING AND REM 
:61:2411081108C156892,59NTRF2650449
:86:CHEP Costa Rica S.R.L.        
:62F:C241108CRC6608781,48
:64:C241108CRC6608781,48
-
:20:ESTADO DE CUENTA
:25:CR17010200009020144482
:28C:20038
:60F:C241110CRC6608781,48
:61:2411101110C7094404,94NTRF203890380
:86:AFI62357010 LIQ43203890380    
:61:2411101110C64126,55NTRF406406444
:86:TEF DE:KATTIA QUESADA LOPEZ   
:62F:C241110CRC13767312,97
:64:C241110CRC13767312,97
-
:20:ESTADO DE CUENTA
:25:CR17010200009020144482
:28C:20039
:60F:C241111CRC13767312,97
:61:2411111111C7000,00NTRF406002533
:86:PABLO MORALES CHAVES          
:61:2411111111C6000,00NTRF406407662
:86:TEF DE:CARLOS MANUEL MORENO BE
:61:2411111111C5830,16NTRF406402114
:86:TEF DE:EUCARIS ANDREINA BOLIVA
:61:2411111111C10,00NTRF406407076
:86:TEF DE:LUXURY AUTOSPA DEL ESTE
:61:2411111111D36503,00NTRF951477016
:86:Pago Liberty Hogar (Cabletic 1
:61:2411111111D27071,00NTRF951478419
:86:Pago Liberty Hogar (Cabletic 1
:61:2411111111D35602,00NTRF951479277
:86:Pago Liberty Hogar (Cabletic 1
:61:2411111111D13000000,00NDDT666419408
:86:DTR:DTR_BAC_a_PROMERICA_colone
:62F:C241111CRC686977,13
:64:C241111CRC686977,13
-
:20:ESTADO DE CUENTA
:25:CR17010200009020144482
:28C:20040
:60F:C241112CRC686977,13
:61:2411121112C11923,00NTRF406401113
:86:TEF DE:ANA JESSICA CHACON GONZ
:61:2411121112C63922,90NTRF406400115
:86:TEF DE:SERVICIOS REGU DE HERED
:61:2411121112D367250,00NTRF406404705
:86:TEF A : 903653798             
:61:2411121112C3923,36NTRF960405931
:86:CD SINPE COOPERATIVA DE PRODU 
:62F:C241112CRC399496,39
:64:C241112CRC399496,39
-
:20:ESTADO DE CUENTA
:25:CR17010200009020144482
:28C:20041
:60F:C241113CRC399496,39
:61:2411131113C81221,99NTRF406408191
:86:TEF DE:BUFETE ROJAS Y ASOCIADO
:61:2411131113C5816,79NTRF406407044
:86:TEF DE:SERVICENTRO BARRIO EL M
:61:2411131113C22717,20NTRF406409046
:86:TEF DE:GLOBAL BRAKES SOCIEDAD 
:61:2411131113C11874,43NTRF406401176
:86:TEF DE:MUNDIFRENOS S.A . .    
:61:2411131113D146789,01NTRF406406613
:86:TEF A : 900409046             
:61:2411131113D91355,50NTRF406407887
:86:TEF A : 903653798             
:61:2411131113C12786,99NTRF406405525
:86:TEF DE:GINES ELECTRIC SOCIEDAD
:61:2411131113C6257,64NTRF406402393
:86:TEF DE:MIRIAM GEORGINA HERNAND
:61:2411131113C413004,83NTRF9557090
:86:COLOCATION 1/2 GABINETE OCT 24
:62F:C241113CRC715031,75
:64:C241113CRC715031,75
-
:20:ESTADO DE CUENTA
:25:CR17010200009020144482
:28C:20042
:60F:C241114CRC715031,75
:61:2411141114C20000,00NTRF406406615
:86:TEF DE:SERVICIO AUTOMOTRIZ B&S
:61:2411141114C57439,65NTRF406405229
:86:TEF DE:EL LUGAR DE LA CARNE SO
:61:2411141114C63613,69NTRF406407856
:86:TEF DE:INSTITUTO CREATIVO DE E
:62F:C241114CRC856085,09
:64:C241114CRC856085,09
-
:20:ESTADO DE CUENTA
:25:CR17010200009020144482
:28C:20043
:60F:C241115CRC856085,09
:61:2411151115C3854864,82NTRF250031522
:86:AFI62357010 LIQ43250031522    
:61:2411151115C763461,70NTRF301446085
:86:DTR SINPE CYBERFUEL_SOCIEDAD_A
:61:2411151115C11644,69NTRF406401319
:86:TEF DE:COLEGIO DE PROFESIONALE
:61:2411151115C75737,28NTRF406400723
:86:TEF DE:REPRESENTACIONES MUNDIA
:61:2411151115D1923840,00NTRF951420827
:86:Pago CNFL Electricidad 2770713
:61:2411151115C2308,44NTRF406406301
:86:TEF DE:DANIELA GONZALEZ CAMPOS
:61:2411151115C6935,57NTRF406407524
:86:TEF DE:MICHAEL ANDRES MOLINA C
:61:2411151115C6935,57NTRF406409312
:86:TEF DE:MARIA GABRIELA CASCANTE
:61:2411151115C252500,00NTRF406401836
:86:TEF DE:CARLOS FRANCISCO MORENO
:61:2411151115C202000,00NTRF406403450
:86:TEF DE:CARLOS FRANCISCO MORENO
:61:2411151115C5778,79NTRF406401349
:86:TEF DE:FREIZZCE ARIAS CHAVES  
:61:2411151115D3700000,00NDDT666506102
:86:DTR:DTR_BAC_a_Promerica_colone
:61:2411151115C29061,34NTRF960468338
:86:CD SINPE DYSATEC SOCIEDAD ANO 
:62F:C241115CRC443473,29
:64:C241115CRC443473,29
-
:20:ESTADO DE CUENTA
:25:CR17010200009020144482
:28C:20044
:60F:C241116CRC443473,29
:61:2411161116C5776,00NTRF406408028
:86:TEF DE:MAURICIO LOPEZ VEGA    
:62F:C241116CRC449249,29
:64:C241116CRC449249,29
-
:20:ESTADO DE CUENTA
:25:CR17010200009020144482
:28C:20046
:60F:C241118CRC449249,29
:61:2411181118C1073627,60NTRF282794412
:86:AFI62357010 LIQ43282794412    
:61:2411181118D902207,06NDDT76994
:86:PAGO 5473-86**-****-5401         
:61:2411181118C5775,06NTRF406400571
:86:TEF DE:VECEVET SOCIEDAD ANONIM
:61:2411181118C10404,32NTRF406407939
:86:TEF DE:IMAX DE COSTA RICA SOCI
:61:2411181118C63520,55NTRF406400441
:86:TEF DE:MARTINA LA GALLINA SOCI
:61:2411181118C9277,74NTRF406409615
:86:TEF DE:DA DIGITAL SOCIEDAD DE 
:61:2411181118C6931,10NTRF406401251
:86:TEF DE:ELVIRA MARIA SANCHO MAD
:61:2411181118C6931,10NTRF406400645
:86:TEF DE:OLGA MADRIZ MEZERVILLE 
:62F:C241118CRC723509,70
:64:C241118CRC723509,70
-
:20:ESTADO DE CUENTA
:25:CR17010200009020144482
:28C:20047
:60F:C241119CRC723509,70
:61:2411191119C13854,02NTRF406408102
:86:TEF DE:EL CERRAJERO CR SEGURID
:61:2411191119C3014269,35NTRF960486214
:86:CD SINPE ASOCIACION SOLIDARIS 
:62F:C241119CRC3751633,07
:64:C241119CRC3751633,07
-
:20:ESTADO DE CUENTA
:25:CR17010200009020144482
:28C:20048
:60F:C241120CRC3751633,07
:61:2411201120C1382972,46NTRF304930803
:86:AFI62357010 LIQ43304930803    
:61:2411201120D3887311,31NTRF951503886
:86:Pago Liberty Móvil (Movistar 6
:61:2411201120D315595,00NTRF951507437
:86:Pago CNFL Electricidad 488503 
:61:2411201120D158609,88NTRF951400912
:86:Pago ICE Teléfono 22049494    
:61:2411201120C10462,08NTRF406406668
:86:TEF DE:KARLA MARIA GARITA ROJA
:62F:C241120CRC783551,42
:64:C241120CRC783551,42
-
:20:ESTADO DE CUENTA
:25:CR17010200009020144482
:28C:20049
:60F:C241121CRC783551,42
:61:2411211121C8951,00NTRF406407059
:86:TEF DE:INMAGUZ LIMITADA       
:62F:C241121CRC792502,42
:64:C241121CRC792502,42
-
:20:ESTADO DE CUENTA
:25:CR17010200009020144482
:28C:20050
:60F:C241122CRC792502,42
:61:2411221122C5797,87NTRF406402353
:86:TEF DE:J&N GROUP SOCIEDAD DE R
:61:2411221122D15232,00NTRF951418790
:86:Pago CLARO POST PAGO 71091675 
:61:2411221122D31987,00NTRF951419623
:86:Pago CLARO POST PAGO 71102373 
:61:2411221122D6000,00NTRF966440208
:86:SINPE MOVIL Cyberfuel______   
:61:2411221122C48194,00NTRF406403824
:86:TEF DE:TECNIC D REDES Y SISTEM
:61:2411221122D210000,05NTRF406408151
:86:TEF A : 956076509             
:61:2411221122C11644,02NTRF406406609
:86:TEF DE:CONDOMINIO VERTICAL RES
:62F:C241122CRC594919,26
:64:C241122CRC594919,26
-
:20:ESTADO DE CUENTA
:25:CR17010200009020144482
:28C:20052
:60F:C241124CRC594919,26
:61:2411241124C38282,13NTRF406403095
:86:TEF DE:3 101770590 SOCIEDAD AN
:62F:C241124CRC633201,39
:64:C241124CRC633201,39
-
:20:ESTADO DE CUENTA
:25:CR17010200009020144482
:28C:20053
:60F:C241125CRC633201,39
:61:2411251125C11625,00NTRF406407904
:86:TEF DE:ARTURO ALONSO CORRALES 
:61:2411251125D141520,00NTRF406409055
:86:TEF A : 939096210             
:61:2411251125C3487,36NTRF406405673
:86:TEF DE:FERRETERIA SANTA ANA CE
:61:2411251125C63524,00NTRF406407952
:86:TEF DE:RANDALL JESUS FONSECA V
:61:2411251125C2500000,00NTRF406403688
:86:TEF DE:CARLOS FRANCISCO MORENO
:61:2411251125C152195,32NTRF9597722
:86:VIAJES DE COSTA RICA VCR S A  
:62F:C241125CRC3222513,07
:64:C241125CRC3222513,07
-
:20:ESTADO DE CUENTA
:25:CR17010200009020144482
:28C:20054
:60F:C241126CRC3222513,07
:61:2411261126C124,18NTRF406405176
:86:TEF DE:GSF RENTAL EQUIPMENT SO
:61:2411261126C63398,86NTRF406406591
:86:TEF DE:GSF RENTAL EQUIPMENT SO
:61:2411261126D2881500,00NTRF406401515
:86:TEF A : 917913394             
:61:2411261126D67500,00NTRF406408453
:86:TEF A : 950290387             
:61:2411261126C6942,07NTRF406407361
:86:TEF DE:PASCASIO Y TOBAR SA    
:61:2411261126C43895,42NTRF406402254
:86:TEF DE:KEVIN DAVID MONGE HIDAL
:61:2411261126C6942,07NTRF406403933
:86:TEF DE:MICHAEL ANDRES MOLINA C
:62F:C241126CRC394815,67
:64:C241126CRC394815,67
-
:20:ESTADO DE CUENTA
:25:CR17010200009020144482
:28C:20055
:60F:C241127CRC394815,67
:61:2411271127C5796,00NTRF406000366
:86:PAGO FACTURA                  
:61:2411271127C11696,00NTRF406409310
:86:TEF DE:COMERCIALIZADORA DELFIN
:61:2411271127C63756,50NTRF406407077
:86:TEF DE:ASOCIACION UNIVERSIDAD 
:61:2411271127C11624,54NTRF406409152
:86:TEF DE:IMPRINT CR SOCIEDAD ANO
:61:2411271127C9257,14NTRF406405984
:86:TEF DE:EL LUGAR DE LA CARNE SO
:61:2411271127C34030,00NTRF406405248
:86:TEF DE:HUMMER BRAND SOCIEDAD A
:61:2411271127C170302,42NTRF960480026
:86:CD SINPE TRES CIENTO DOS OCHO 
:62F:C241127CRC701278,27
:64:C241127CRC701278,27
-
:20:ESTADO DE CUENTA
:25:CR17010200009020144482
:28C:20056
:60F:C241128CRC701278,27
:61:2411281128C3983473,21NTRF383252726
:86:AFI62357010 LIQ43383252726    
:61:2411281128C9357,03NTRF406407151
:86:TEF DE:FABIAN SEGURA NAVARRO  
:61:2411281128D149368,91NTRF406408746
:86:TEF A : 900409046             
:61:2411281128C5795,00NTRF406406746
:86:TEF DE:METROPOLI VET SOCIEDAD 
:61:2411281128C6000,00NTRF406403684
:86:TEF DE:MARIA GUADALUPE RAMIREZ
:61:2411281128D4300000,00NDDT666439754
:86:DTR:DTR_BAC_a_Promerica_col   
:61:2411281128C14706,60NTRF960493083
:86:CD SINPE CPM BUILDING AND REM 
:62F:C241128CRC271241,20
:64:C241128CRC271241,20
-
:20:ESTADO DE CUENTA
:25:CR17010200009020144482
:28C:20057
:60F:C241129CRC271241,20
:61:2411291129D108480,00NTRF406404777
:86:TEF A : 939096210             
:62F:C241129CRC162761,20
:64:C241129CRC162761,20
-
:20:ESTADO DE CUENTA
:25:CR17010200009020144482
:28C:20058
:60F:C241130CRC162761,20
:61:2411301130C326041,77NTRF301499448
:86:DTR SINPE CYBERFUEL_S_A       
:61:2411301130D226000,00NTRF406407024
:86:TEF A : 943006825             
:62F:C241130CRC262802,97
:64:C241130CRC262802,97
